@article{koopman-2004,
    author = {Koopman, Philip},
    citeulike-article-id = {14038846},
    journal = {Computer},
    keywords = {sem1020-lit-review},
    number = {7},
    pages = {95--97},
    posted-at = {2016-05-20 16:55:49},
    priority = {2},
    publisher = {IEEE},
    title = {{Embedded system security}},
    volume = {37},
    year = {2004}
}

@misc{wired,
    author = {Greenberg, Andy},
    citeulike-article-id = {14038845},
    day = {21},
    howpublished = {https://www.wired.com/2015/07/hackers-remotely-kill-jeep-highway/},
    institution = {Wired},
    keywords = {sem1020-lit-review},
    month = jul,
    organization = {Wired},
    posted-at = {2016-05-20 16:50:48},
    priority = {2},
    publisher = {Wired},
    title = {{Hackers Remotely Kill a Jeep on the Highway--With Me in It}},
    year = {2015}
}

@misc{modern-transport-bill,
    citeulike-article-id = {14038842},
    day = {18},
    howpublished = {\url{https://www.gov.uk/government/uploads/system/uploads/attachment\_data/file/524040/Queen\_s\_Speech\_2016\_background\_notes\_.pdf}},
    institution = {UK Government},
    keywords = {sem1020-lit-review},
    month = may,
    organization = {UK Government},
    posted-at = {2016-05-20 16:31:40},
    priority = {2},
    publisher = {UK Government},
    title = {{The Queen's Speech 2016 - Background Notes}},
    year = {2016}
}

@book{noblit,
    author = {Noblit, George W. and Hare, R. Dwight},
    citeulike-article-id = {14038838},
    keywords = {sem1020-lit-review},
    posted-at = {2016-05-20 16:26:00},
    priority = {2},
    publisher = {Sage},
    title = {{Meta-ethnography: Synthesizing qualitative studies}},
    volume = {11},
    year = {1988}
}

@article{kpmg,
    author = {Silberg, Gary and Wallace, Richard and Matuszak, G. and Plessers, J. and Brower, C. and Subramanian, D.},
    citeulike-article-id = {14038828},
    journal = {White paper, KPMG LLP \& Center of Automotive Research},
    keywords = {sem1020-lit-review},
    posted-at = {2016-05-20 16:16:45},
    priority = {2},
    title = {{Self-driving cars: The next revolution}},
    year = {2012}
}

@misc{washingtonpost-jeep,
    author = {Miller, Michael E.},
    citeulike-article-id = {14038824},
    day = {22},
    howpublished = {https://www.washingtonpost.com/news/morning-mix/wp/2015/07/22/car-hacking-just-got-real-hackers-disable-suv-on-busy-highway/},
    institution = {The Washington Post},
    keywords = {sem1020-lit-review},
    month = jul,
    organization = {The Washington Post},
    posted-at = {2016-05-20 16:13:29},
    priority = {2},
    publisher = {The Washington Post},
    title = {{Car hacking just got real: In experiment, hackers disable SUV on busy highway.}},
    year = {2015}
}

@misc{forbes,
    author = {Greenberg, Andy},
    citeulike-article-id = {14038823},
    day = {24},
    howpublished = {http://www.forbes.com/sites/andygreenberg/2013/07/24/hackers-reveal-nasty-new-car-attacks-with-me-behind-the-wheel-video},
    institution = {Forbes},
    keywords = {sem1020-lit-review},
    month = jul,
    organization = {Forbes},
    posted-at = {2016-05-20 16:12:53},
    priority = {2},
    publisher = {Forbes},
    title = {{Hackers Reveal Nasty New Car Attacks--With Me Behind The Wheel.}},
    year = {2013}
}

@misc{ieee-jeep,
    author = {Schneider, David},
    citeulike-article-id = {14038821},
    day = {6},
    howpublished = {http://spectrum.ieee.org/cars-that-think/transportation/systems/jeep-hacking-101},
    institution = {IEEE},
    keywords = {sem1020-lit-review},
    month = aug,
    organization = {IEEE},
    posted-at = {2016-05-20 16:09:01},
    priority = {2},
    publisher = {IEEE Spectrum},
    title = {{Jeep Hacking 101}},
    year = {2015}
}

@misc{bbc-recall,
    citeulike-article-id = {14038820},
    day = {24},
    howpublished = {http://www.bbc.co.uk/news/technology-33650491},
    institution = {BBC News},
    keywords = {sem1020-lit-review},
    month = jul,
    organization = {BBC News},
    posted-at = {2016-05-20 16:07:05},
    priority = {2},
    publisher = {BBC News},
    title = {{Fiat Chrysler recalls 1.4 million cars after Jeep hack.}},
    year = {2015}
}

@misc{bbc-jeep,
    citeulike-article-id = {14038818},
    day = {4},
    howpublished = {http://www.bbc.co.uk/news/technology-34156598},
    institution = {BBC News},
    keywords = {sem1020-lit-review},
    month = sep,
    organization = {BBC News},
    posted-at = {2016-05-20 16:05:49},
    priority = {2},
    publisher = {BBC News},
    title = {{Hacked Jeep USB update criticised.}},
    year = {2015}
}

@misc{bbc-valasek,
    author = {Ward, Mark},
    citeulike-article-id = {14038814},
    day = {1},
    howpublished = {http://www.bbc.co.uk/news/technology-28886463},
    institution = {BBC News},
    keywords = {sem1020-lit-review},
    month = sep,
    organization = {BBC News},
    posted-at = {2016-05-20 16:03:32},
    priority = {2},
    publisher = {BBC News},
    title = {{Hi-tech cars are security risk, warn researchers.}},
    year = {2014}
}

@article{valasek-2,
    author = {Miller, Charlie and Valasek, Chris},
    citeulike-article-id = {14038811},
    keywords = {sem1020-lit-review},
    posted-at = {2016-05-20 15:58:23},
    priority = {2},
    publisher = {IOActive},
    title = {{Remote Exploitation of an Unaltered Passenger Vehicle}},
    year = {2015}
}

@article{valasek-1,
    author = {Miller, Charlie and Valasek, Chris},
    citeulike-article-id = {14038805},
    journal = {DEF CON},
    keywords = {sem1020-lit-review},
    pages = {260--264},
    posted-at = {2016-05-20 15:56:00},
    priority = {2},
    title = {{Adventures in Automotive Networks and Control Units}},
    volume = {21},
    year = {2013}
}

@misc{pcworld,
    author = {McMillan, Robert},
    citeulike-article-id = {14038802},
    day = {13},
    howpublished = {http://www.pcworld.com/article/196293},
    institution = {PCWorld, IDG Consumer \& SMB},
    keywords = {sem1020-lit-review},
    month = may,
    organization = {PCWorld, IDG Consumer \& SMB},
    posted-at = {2016-05-20 15:54:23},
    priority = {2},
    publisher = {PCWorld, IDG Consumer \& SMB},
    title = {{Car Hackers Can Kill Brakes, Engine, and More.}},
    year = {2010}
}

@misc{onstar,
    citeulike-article-id = {14038800},
    day = {29},
    howpublished = {\url{http://media.vauxhall.co.uk/media/gb/en/vauxhall/press\_kits.detail.html/content/Pages/presskits/gb/en/2015/vauxhall/06-29-onstar-presskit.html}},
    institution = {General Motors},
    keywords = {sem1020-lit-review},
    month = jun,
    organization = {General Motors},
    posted-at = {2016-05-20 15:52:02},
    priority = {2},
    publisher = {Vauxhall},
    title = {{Vauxhall launches OnStar in the UK.}},
    year = {2015}
}

@misc{iet,
    citeulike-article-id = {14038796},
    institution = {The Institution of Engineering and Technology and The Knowledge Transfer Network},
    keywords = {sem1020-lit-review},
    posted-at = {2016-05-20 15:48:09},
    priority = {2},
    publisher = {The Institution of Engineering and Technology and The Knowledge Transfer Network},
    title = {{Automotive Cyber Security:
An IET/KTN Thought Leadership Review of
Risk Perspectives for Connected Vehicles}},
    year = {2015}
}

@article{yagdereli,
    author = {Ya{\u{g}}dereli, Eray and Gemci, Cemal and Akta{\c{s}}, A. Ziya},
    citeulike-article-id = {14038784},
    journal = {The Journal of Defense Modeling and Simulation: Applications, Methodology, Technology},
    keywords = {sem1020-lit-review},
    pages = {1548512915575803},
    posted-at = {2016-05-20 15:34:38},
    priority = {2},
    publisher = {SAGE Publications},
    title = {{A study on cyber-security of autonomous and unmanned vehicles}},
    year = {2015}
}

@inproceedings{koscher-2,
    address = {Berkeley, CA, USA},
    author = {Checkoway, Stephen and McCoy, Damon and Kantor, Brian and Anderson, Danny and Shacham, Hovav and Savage, Stefan and Koscher, Karl and Czeskis, Alexei and Roesner, Franziska and Kohno, Tadayoshi},
    booktitle = {Proceedings of the 20th USENIX Conference on Security},
    citeulike-article-id = {14038781},
    keywords = {sem1020-lit-review},
    location = {San Francisco, CA},
    pages = {6},
    posted-at = {2016-05-20 15:32:37},
    priority = {2},
    publisher = {USENIX Association},
    series = {SEC'11},
    title = {{Comprehensive Experimental Analyses of Automotive Attack Surfaces}},
    year = {2011}
}

@inproceedings{koscher-1,
    author = {Koscher, K. and Czeskis, A. and Roesner, F. and Patel, S. and Kohno, T. and Checkoway, S. and McCoy, D. and Kantor, B. and Anderson, D. and Shacham, H. and Savage, S.},
    booktitle = {2010 IEEE Symposium on Security and Privacy},
    citeulike-article-id = {14038779},
    citeulike-linkout-0 = {http://dx.doi.org/10.1109/SP.2010.34},
    doi = {10.1109/SP.2010.34},
    keywords = {sem1020-lit-review},
    month = may,
    pages = {447--462},
    posted-at = {2016-05-20 15:31:40},
    priority = {2},
    title = {{Experimental Security Analysis of a Modern Automobile}},
    url = {http://dx.doi.org/10.1109/SP.2010.34},
    year = {2010}
}

@article{enev,
    author = {Enev, Miro and Takakuwa, Alex and Koscher, Karl and Kohno, Tadayoshi},
    citeulike-article-id = {14038777},
    journal = {Proceedings on Privacy Enhancing Technologies},
    keywords = {sem1020-lit-review},
    pages = {34--51},
    posted-at = {2016-05-20 15:29:08},
    priority = {2},
    publisher = {Citeseer},
    title = {{Automobile Driver Fingerprinting}},
    volume = {1},
    year = {2016}
}

@inproceedings{bdi,
    author = {Rao, Anand S. and Georgeff, Michael P. and Others},
    booktitle = {ICMAS},
    citeulike-article-id = {14038760},
    keywords = {sem1020-lit-review},
    pages = {312--319},
    posted-at = {2016-05-20 14:56:10},
    priority = {2},
    title = {{BDI agents: From Theory to Practice.}},
    volume = {95},
    year = {1995}
}

@article{fisher-1,
    author = {Fisher, Michael and Dennis, Louise and Webster, Matt},
    citeulike-article-id = {14038757},
    journal = {Communications of the ACM},
    keywords = {sem1020-lit-review},
    number = {9},
    pages = {84--93},
    posted-at = {2016-05-20 14:51:40},
    priority = {2},
    publisher = {ACM},
    title = {{Verifying Autonomous Systems}},
    volume = {56},
    year = {2013}
}

@article{iso-26262,
    author = {Iso},
    citeulike-article-id = {14038755},
    journal = {International Organization for Standardization, Geneva, Switzerland},
    keywords = {sem1020-lit-review},
    posted-at = {2016-05-20 14:49:07},
    priority = {2},
    title = {{ISO 26262-1: 2011 Road Vehicles -- Functional Safety.}},
    year = {2011}
}

@techreport{iec-61508,
    citeulike-article-id = {14038752},
    edition = {2},
    institution = {International Electrotechnical Commission},
    keywords = {sem1020-lit-review},
    organization = {International Electrotechnical Commission},
    posted-at = {2016-05-20 14:46:15},
    priority = {2},
    publisher = {International Electrotechnical Commission},
    title = {{IEC 61508: Functional Safety of Electrical/Electronic/Programmable Electronic Safety-Related Systems}}
}

@phdthesis{wongpiromsarn,
    author = {Wongpiromsarn, Tichakorn},
    citeulike-article-id = {14038749},
    keywords = {sem1020-lit-review},
    posted-at = {2016-05-20 14:40:11},
    priority = {2},
    school = {Citeseer},
    title = {{Formal methods for design and verification of embedded control systems: Application to an autonomous vehicle}},
    year = {2010}
}

@article{wagner-2,
    author = {Koopman, Philip and Wagner, Michael},
    citeulike-article-id = {14038745},
    journal = {SAE International Journal of Transportation Safety},
    keywords = {sem1020-lit-review},
    number = {2016-01-0128},
    pages = {15--24},
    posted-at = {2016-05-20 14:35:06},
    priority = {2},
    title = {{Challenges in Autonomous Vehicle Testing and Validation}},
    volume = {4},
    year = {2016}
}

@incollection{wagner-1,
    author = {Wagner, Michael and Koopman, Philip},
    booktitle = {Road Vehicle Automation 2},
    citeulike-article-id = {14038744},
    keywords = {sem1020-lit-review},
    pages = {163--171},
    posted-at = {2016-05-20 14:34:06},
    priority = {2},
    publisher = {Springer},
    title = {{A Philosophy for Developing Trust in Self-driving Cars}},
    year = {2015}
}

@misc{deepwater,
    author = {Goldman, Julianna and Lerer, Lisa},
    citeulike-article-id = {14038741},
    day = {5},
    howpublished = {http://www.bloomberg.com/news/articles/2010-05-04/obama-administration-backs-significantly-raising-oil-spill-damages-cap},
    institution = {Bloomberg},
    keywords = {sem1020-lit-review},
    month = may,
    posted-at = {2016-05-20 14:32:03},
    priority = {2},
    publisher = {Bloomberg},
    title = {{Obama Backs 'Significantly' Higher Spill Damage Cap}},
    year = {2010}
}

@booklet{nuclear-act,
    citeulike-article-id = {14038740},
    howpublished = {http://www.ans.org/pi/ps/docs/ps54-bi.pdf},
    institution = {American Nuclear Society},
    keywords = {sem1020-lit-review},
    month = nov,
    posted-at = {2016-05-20 14:27:42},
    priority = {2},
    publisher = {American Nuclear Society},
    title = {{The Price-Anderson Act}},
    year = {2005}
}

@misc{oil-pollution,
    citeulike-article-id = {14038701},
    day = {29},
    keywords = {sem1020-lit-review},
    month = dec,
    posted-at = {2016-05-20 14:22:12},
    priority = {2},
    publisher = {U.S. G.P.O.},
    title = {{Oil Pollution Act of 1990 P.L. 106–580}},
    year = {2000}
}

@article{gurney,
    author = {Gurney, Jeffrey K.},
    citeulike-article-id = {14038694},
    journal = {U. Ill. JL Tech. \& Pol'y},
    keywords = {sem1020-lit-review},
    pages = {247},
    posted-at = {2016-05-20 14:07:27},
    priority = {0},
    publisher = {HeinOnline},
    title = {{Sue my car not me: Products liability and accidents involving autonomous vehicles}},
    year = {2013}
}

@article{cantu,
    author = {Cantu, Charles E.},
    citeulike-article-id = {14038693},
    journal = {Akron L. Rev.},
    keywords = {sem1020-lit-review},
    pages = {31},
    posted-at = {2016-05-20 14:03:58},
    priority = {2},
    publisher = {HeinOnline},
    title = {{Distinguishing the Concept of Strict Liability for Ultra-Hazardous Activities from Strict Products Liability Under Section 402A of the Restatement (Second) of Torts: Two Parallel Lines of Reasoning That Should Never Meet}},
    volume = {35},
    year = {2001}
}

@book{intro-financial-planning,
    author = {Proschool, Ims},
    citeulike-article-id = {14038690},
    citeulike-linkout-0 = {https://books.google.co.uk/books?id=mjdmAgAAQBAJ},
    keywords = {sem1020-lit-review},
    posted-at = {2016-05-20 14:01:35},
    priority = {2},
    publisher = {Tata McGraw-Hill Education},
    title = {{Introduction to Financial Planning}},
    url = {https://books.google.co.uk/books?id=mjdmAgAAQBAJ}
}

@misc{chattel,
    citeulike-article-id = {14038688},
    citeulike-linkout-0 = {http://legal-dictionary.thefreedictionary.com/chattel},
    edition = {2},
    journal = {West's Encyclopedia of American Law},
    keywords = {sem1020-lit-review},
    posted-at = {2016-05-20 13:58:40},
    priority = {2},
    publisher = {The Gale Group},
    title = {{Chattel}},
    url = {http://legal-dictionary.thefreedictionary.com/chattel},
    year = {2008}
}

@article{duffy,
    author = {Duffy, Sophia H. and Hopkins, Jamie P.},
    citeulike-article-id = {14038685},
    journal = {SMU Sci. \& Tech. L. Rev.},
    keywords = {sem1020-lit-review},
    pages = {453},
    posted-at = {2016-05-20 13:48:24},
    priority = {2},
    publisher = {HeinOnline},
    title = {{Sit, Stay, Drive: The Future of Autonomous Car Liability}},
    volume = {16},
    year = {2013}
}

@techreport{licence-to-skill,
    address = {IAM, IAM House, 510 Chiswick High Road, London W4 5RG},
    author = {Institute of Advanced Motorists},
    citeulike-article-id = {14038684},
    institution = {Institute of Advanced Motorists},
    keywords = {sem1020-lit-review},
    month = apr,
    posted-at = {2016-05-20 13:45:34},
    priority = {2},
    publisher = {Institute of Advanced Motorists},
    title = {{Licensed to skill: Contributory factors in accidents.}},
    year = {2011}
}

@techreport{sae,
    citeulike-article-id = {14038675},
    howpublished = {http://standards.sae.org/j3016\_201401/},
    institution = {SAE International},
    keywords = {sem1020-lit-review},
    month = jan,
    organization = {SAE International},
    posted-at = {2016-05-20 13:31:45},
    priority = {0},
    publisher = {SAE International},
    title = {{J3016: Taxonomy and Definitions for Terms Related to On-Road Motor Vehicle Automated Driving Systems}},
    year = {2014}
}

@misc{tesla-autopilot,
    citeulike-article-id = {14038671},
    howpublished = {https://www.teslamotors.com/en\_GB/presskit/autopilot},
    institution = {Tesla Motors},
    keywords = {sem1020-lit-review},
    organization = {Tesla Motors},
    posted-at = {2016-05-20 13:26:34},
    priority = {2},
    publisher = {Tesla Motors},
    title = {{Model S Autopilot Press Kit}}
}

@article{google-project,
    author = {Guizzo, Erico},
    citeulike-article-id = {14038669},
    journal = {IEEE Spectrum Online, October},
    keywords = {sem1020-lit-review},
    posted-at = {2016-05-20 13:21:15},
    priority = {2},
    title = {{How Google's self-driving car works}},
    volume = {18},
    year = {2011}
}

@misc{carl-benz,
    citeulike-article-id = {14038666},
    howpublished = {http://biography.yourdictionary.com/carl-benz},
    keywords = {sem1020-lit-review},
    month = may,
    posted-at = {2016-05-20 13:19:08},
    priority = {2},
    publisher = {YourDictionary},
    title = {{Carl Benz}},
    year = {2016}
}

@book{financial-planning,
    author = {Proschool, Ims},
    citeulike-article-id = {14035475},
    keywords = {lr-legality, sem1020-lit-review},
    posted-at = {2016-05-15 20:52:52},
    priority = {2},
    publisher = {Tata McGraw-Hill Education},
    title = {{Introduction to Financial Planning}}
}

@article{beiker,
    author = {Beiker, Sven A.},
    citeulike-article-id = {14015232},
    journal = {Santa Clara L. Rev.},
    keywords = {lr-legality, sem1020-lit-review},
    month = dec,
    pages = {1145},
    posted-at = {2016-04-18 19:58:15},
    priority = {2},
    publisher = {HeinOnline},
    title = {{Legal aspects of autonomous driving}},
    volume = {52},
    year = {2012}
}

@article{schellekens,
    author = {Schellekens, Maurice},
    citeulike-article-id = {14015228},
    journal = {Computer Law \& Security Review},
    keywords = {lr-legality, sem1020-lit-review},
    number = {4},
    pages = {506--517},
    posted-at = {2016-04-18 19:53:25},
    priority = {2},
    publisher = {Elsevier},
    title = {{Self-driving cars and the chilling effect of liability law}},
    volume = {31},
    year = {2015}
}

@article{marchant,
    author = {Marchant, Gary E. and Lindor, Rachel A.},
    citeulike-article-id = {14015207},
    journal = {Santa Clara L. Rev.},
    keywords = {lr-legality, sem1020-lit-review},
    pages = {1321},
    posted-at = {2016-04-18 19:26:26},
    priority = {2},
    publisher = {HeinOnline},
    title = {{The Coming Collision between Autonomous Vehicles and the Liability System}},
    volume = {52},
    year = {2012}
}

@article{fisher,
    author = {Fisher, Michael and Reed, Nick and Savirimuthu, Joseph},
    citeulike-article-id = {14015196},
    journal = {Engineering \& Technology Reference},
    keywords = {lr-intro, sem1020-lit-review},
    number = {1},
    posted-at = {2016-04-18 19:02:35},
    priority = {2},
    publisher = {IET Digital Library},
    title = {{Misplaced Trust?}},
    volume = {1},
    year = {2015}
}

@inproceedings{folsom,
    author = {Folsom, Tyler C.},
    booktitle = {Technology and Society (ISTAS), 2011 IEEE International Symposium on},
    citeulike-article-id = {14015194},
    keywords = {lr-intro, sem1020-lit-review},
    organization = {IEEE},
    pages = {1--6},
    posted-at = {2016-04-18 18:57:13},
    priority = {2},
    title = {{Social ramifications of autonomous urban land vehicles}},
    year = {2011}
}

@misc{pathway-to-driverless-cars,
    citeulike-article-id = {14015133},
    howpublished = {https://www.gov.uk/government/publications/driverless-cars-in-the-uk-a-regulatory-review},
    keywords = {lr-intro, sem1020-lit-review},
    month = feb,
    organization = {Department for Transport, UK Government},
    posted-at = {2016-04-18 17:13:59},
    priority = {2},
    title = {{The pathway to driverless cars: summary report and action plan}},
    year = {2015}
}

@article{schoettle,
    author = {Schoettle, Brandon and Sivak, Michael},
    citeulike-article-id = {14015121},
    keywords = {lr-intro, sem1020-lit-review},
    posted-at = {2016-04-18 16:47:58},
    priority = {2},
    publisher = {University of Michigan, Ann Arbor, Transportation Research Institute},
    title = {{A survey of public opinion about autonomous and self-driving vehicles in the US, the UK, and Australia}},
    year = {2014}
}

@misc{action-for-roads,
    citeulike-article-id = {14015116},
    howpublished = {https://www.gov.uk/government/publications/action-for-roads-a-network-for-the-21st-century},
    keywords = {lr-intro, sem1020-lit-review},
    month = jul,
    posted-at = {2016-04-18 16:39:00},
    priority = {2},
    publisher = {Department for Transport, UK Government},
    title = {{Action for roads: a network for the 21st century}},
    year = {2013}
}

@article{kyriakidis,
    author = {Kyriakidis, Miltos and Happee, Riender and De Winter, J. C. F.},
    citeulike-article-id = {14015109},
    journal = {Transportation research part F: traffic psychology and behaviour},
    keywords = {lr-intro, sem1020-lit-review},
    pages = {127--140},
    posted-at = {2016-04-18 16:26:04},
    priority = {2},
    publisher = {Elsevier},
    title = {{Public opinion on automated driving: results of an international questionnaire among 5000 respondents}},
    volume = {32},
    year = {2015}
}

